@misc{Dave:2022,
  author = {Dave James},
  title  = {Average graphics card prices have halved since the start of
            2022},
  year   = {2022},
  note   = {Last accessed 20 April 2023},
  url    = {https://www.pcgamer.com/average-graphics-card-prices-have-halved-since-the-start-of-2022/}
}

@misc{Wikipedia:2023,
  author = {Wikipedia},
  title  = {2020–present global chip shortage},
  year   = {2023},
  note   = {Last accessed 20 April 2023},
  url    = {https://en.wikipedia.org/w/index.php?title=2020%E2%80%93present_global_chip_shortage&action=history}
}

@inproceedings{Hannah:2021,
  author    = {Hannah Casper and Autumn Rexford and David Riegel and Amanda
               Robinson and Emily Martin and Mohamed Awwad},
  title     = {The Impact of the Computer Chip Supply Shortage},
  booktitle = {Proceedings of the International Conference on Industrial
               Engineering and Operations Management},
  pages     = {},
  year      = {2021},
  address   = {Bangalore, India}
}

@article{Jennifer:2022,
  author    = {Jennifer Chandler},
  title     = {When the supply chain breaks: strategies for the chip
               shortage},
  journal   = {Journal of Business Strategy},
  volume    = {},
  number    = {},
  pages     = {},
  year      = {2022},
  publisher = {}
}

@article{Xiling:2021,
  author    = {Xiling Wu and Caihua Zhang and Wei Du},
  title     = {An Analysis on the Crisis of "Chips shortage" in Automobile
               Industry},
  journal   = {Journal of Physics: Conference Series},
  volume    = {1971},
  number    = {},
  pages     = {},
  year      = {2021},
  publisher = {}
}

@article{Yeh:2022,
  author    = {Yeh, Chung-Huang and Chen, Jwu E},
  title     = {Recycling Test Methods to Improve Test Capacity and Increase
               Chip Shipments},
  journal   = {IEEE Design and Test},
  volume    = {},
  number    = {},
  pages     = {1--1},
  year      = {2022},
  publisher = {}
}

@misc{Kristin:2022,
  author = {Kristin Dziczek},
  title  = {Why the Automotive Chip Crisis Isn’t Over (Yet)},
  year   = {2022},
  note   = {Last accessed 20 April 2023},
  url    = {https://www.chicagofed.org/publications/chicago-fed-letter/2022/473}
}

@article{Jany:2016,
  author    = {Jany George and Letha Janaki and Jairaj Gomathy},
  title     = {Statistical Downscaling Using Local Polynomial Regression
               for Rainfall Predictions – A Case Study},
  journal   = {Water Resources Management},
  volume    = {30},
  number    = {},
  pages     = {183–-193},
  year      = {2016},
  publisher = {}
}

@article{Wassen:2022,
  author    = {Wassen Mohammad and Adel Elomri and Laoucine Kerbache},
  title     = {The Global Semiconductor Chip Shortage: Causes, Implications,
               and Potential Remedies},
  journal   = {IFAC-PapersOnLine},
  volume    = {55},
  number    = {10},
  pages     = {476--483},
  year      = {2022},
  publisher = {}
}

@article{Debanjan:2020,
  author    = {Debanjan Parbat and Monisha Chakraborty},
  title     = {A python based support vector regression model for prediction
               of COVID19 cases in India},
  journal   = {Chaos, Solitons and Fractals},
  volume    = {138},
  number    = {10},
  pages     = {109942},
  year      = {2020},
  publisher = {}
}

@article{Vinay:2022,
  author    = {Vinay Ramani and Debabrata Ghosh and ManMohan Sodhi},
  title     = {Understanding systemic disruption from the Covid-19-induced
               semiconductor shortage for the auto industry},
  journal   = {Omega},
  volume    = {113},
  number    = {10},
  pages     = {102720},
  year      = {2022},
  publisher = {}
}

@article{Stephen:2021,
  author    = {Stephen M. Rothrock},
  title     = {Coronavirus, chip boom, and supply shortage: The new normal
               for global semiconductor manufacturing},
  journal   = {International Symposium on Microelectronics},
  volume    = {2021},
  number    = {1},
  pages     = {26--30},
  year      = {2021},
  publisher = {}
}

@article{Duncan:2022,
  author    = {Duncan Stewart and Dan Hamling and Ariane Bucaille and
               Gillian Crossan},
  title     = {My kingdom for a chip: The semiconductor shortage extends
               into 2022},
  journal   = {Technology, Media, and Telecommunications Predictions},
  volume    = {},
  number    = {},
  pages     = {},
  year      = {2022},
  publisher = {}
}

@misc{PassMarkCPU:2023,
  author = {PassMark SOFTWARE},
  title  = {CPU Mega List},
  year   = {2023},
  note   = {Last accessed 25 April 2023},
  url    = {https://www.cpubenchmark.net/CPU_mega_page.html}
}

@misc{PassMarkGPU:2023,
  author = {PassMark SOFTWARE},
  title  = {Video Card List},
  year   = {2023},
  note   = {Last accessed 25 April 2023},
  url    = {https://www.videocardbenchmark.net/GPU_mega_page.html}
}